[gd_scene load_steps=9 format=2]

[ext_resource path="res://Actors/Player.tscn" type="PackedScene" id=1]
[ext_resource path="res://Assets/Tilemap.tres" type="TileSet" id=2]
[ext_resource path="res://Actors/AI-friendo.tscn" type="PackedScene" id=3]
[ext_resource path="res://Actors/Checkpoint.tscn" type="PackedScene" id=4]
[ext_resource path="res://Actors/Background.tscn" type="PackedScene" id=5]
[ext_resource path="res://Actors/Enemy.tscn" type="PackedScene" id=6]

[sub_resource type="RectangleShape2D" id=1]
extents = Vector2( 21.0001, 46.5001 )

[sub_resource type="RectangleShape2D" id=2]
extents = Vector2( 3175.5, 77 )

[node name="Level" type="Node2D"]

[node name="Player" parent="." instance=ExtResource( 1 )]
position = Vector2( 117, 180 )
collision_mask = 4

[node name="TileMap" type="TileMap" parent="."]
tile_set = ExtResource( 2 )
cell_size = Vector2( 32, 32 )
centered_textures = true
collision_layer = 4
collision_mask = 0
format = 1
tile_data = PoolIntArray( -1048503, 0, 0, -1048502, 0, 0, -1048501, 0, 0, -1048500, 0, 0, -1048499, 0, 0, -1048498, 0, 0, -1048497, 0, 0, -1048496, 0, 0, -524222, 0, 0, -524221, 0, 0, -524220, 0, 0, -524219, 0, 0, -524218, 0, 0, -524217, 0, 0, -524216, 0, 0, -262090, 0, 0, -262089, 0, 0, -262088, 0, 0, -262087, 0, 0, -262086, 0, 0, -262085, 0, 0, -262084, 0, 0, 41, 0, 0, 42, 0, 0, 43, 0, 0, 44, 0, 0, 45, 0, 0, 46, 0, 0, 47, 0, 0, 48, 0, 0, 262172, 0, 0, 262173, 0, 0, 262174, 0, 0, 262175, 0, 0, 262176, 0, 0, 262177, 0, 0, 262178, 0, 0, 524305, 0, 0, 524306, 0, 0, 524307, 0, 0, 524308, 0, 0, 524309, 0, 0, 524310, 0, 0, 524311, 0, 0, 524312, 0, 0, 851976, 0, 0, 851977, 0, 0, 851978, 0, 0, 851979, 0, 0, 851980, 0, 0, 851981, 0, 0, 851982, 0, 0, 851983, 0, 0, 851984, 0, 0, 2293852, 0, 0, 2293853, 0, 0, 2293854, 0, 0, 2293855, 0, 0, 2293856, 0, 0, 2293857, 0, 0, 2293858, 0, 0, 2293859, 0, 0, 2293860, 0, 0, 2293861, 0, 0, 2293862, 0, 0, 2293863, 0, 0, 2621545, 0, 0, 2621546, 0, 0, 2621547, 0, 0, 2621548, 0, 0, 2621549, 0, 0, 2621550, 0, 0, 2621551, 0, 0, 2621552, 0, 0, 2818165, 0, 0, 2818166, 0, 0, 2818167, 0, 0, 2818168, 0, 0, 2818169, 0, 0, 2818170, 0, 0, 2818171, 0, 0, 2818172, 0, 0, 3145858, 0, 0, 3145859, 0, 0, 3145860, 0, 0, 3145861, 0, 0, 3145862, 0, 0, 3145863, 0, 0, 3145864, 0, 0, 3473562, 1, 0, 3473563, 0, 0, 3539089, 0, 0, 3539090, 0, 0, 3539091, 0, 0, 3539092, 0, 0, 3539093, 0, 0, 3539094, 0, 0, 3539095, 0, 0, 3539096, 0, 0, 3539097, 0, 0, 3539098, 0, 0 )

[node name="AI friendo" parent="." instance=ExtResource( 3 )]
position = Vector2( 395, 404 )
collision_mask = 4
mass = 1.42857

[node name="Camera2D" type="Camera2D" parent="AI friendo"]
position = Vector2( -1, -109 )
current = true

[node name="WinZone" type="Area2D" parent="." groups=["WinZone"]]
position = Vector2( 2721, 973 )
collision_layer = 64
collision_mask = 2

[node name="CollisionShape2D" type="CollisionShape2D" parent="WinZone"]
position = Vector2( 2190.5, 738 )
rotation = 1.5708
shape = SubResource( 1 )

[node name="AI Pathing" type="Node" parent="."]

[node name="Jump checkpoint" parent="AI Pathing" instance=ExtResource( 4 )]
position = Vector2( 456, 328 )
jump_impulse = 300.0

[node name="Jump checkpoint2" parent="AI Pathing" instance=ExtResource( 4 )]
position = Vector2( 708, 165 )
jump_impulse = 250.0

[node name="Jump checkpoint3" parent="AI Pathing" instance=ExtResource( 4 )]
position = Vector2( 1031, 46 )
jump_impulse = 250.0

[node name="Jump checkpoint5" parent="AI Pathing" instance=ExtResource( 4 )]
position = Vector2( 1869, -220 )
jump_impulse = 260.0

[node name="Jump checkpoint4" parent="AI Pathing" instance=ExtResource( 4 )]
position = Vector2( 1488, -85 )
jump_impulse = 250.0

[node name="Jump checkpoint6" parent="AI Pathing" instance=ExtResource( 4 )]
position = Vector2( 2453, -469 )
rotation = 1.5708
jump_impulse = -300.0

[node name="Jump checkpoint7" parent="AI Pathing" instance=ExtResource( 4 )]
position = Vector2( 2257, -336 )
jump_impulse = 280.0

[node name="Background" parent="." instance=ExtResource( 5 )]

[node name="Enemies" type="Node" parent="."]

[node name="Enemy" parent="Enemies" instance=ExtResource( 6 )]
position = Vector2( 649, 365 )
AI_path = NodePath("../../AI friendo")

[node name="Enemy2" parent="Enemies" instance=ExtResource( 6 )]
position = Vector2( 448, 25 )
AI_path = NodePath("../../AI friendo")

[node name="Enemy3" parent="Enemies" instance=ExtResource( 6 )]
position = Vector2( 910, -134 )
AI_path = NodePath("../../AI friendo")

[node name="Enemy4" parent="Enemies" instance=ExtResource( 6 )]
position = Vector2( 1302, 168 )
AI_path = NodePath("../../AI friendo")

[node name="Enemy5" parent="Enemies" instance=ExtResource( 6 )]
position = Vector2( 1585, -235 )
AI_path = NodePath("../../AI friendo")

[node name="Enemy6" parent="Enemies" instance=ExtResource( 6 )]
position = Vector2( 1246, -269 )
AI_path = NodePath("../../AI friendo")

[node name="Enemy7" parent="Enemies" instance=ExtResource( 6 )]
position = Vector2( 2162, -69 )
AI_path = NodePath("../../AI friendo")

[node name="Enemy8" parent="Enemies" instance=ExtResource( 6 )]
position = Vector2( 1967, -437 )
AI_path = NodePath("../../AI friendo")

[node name="Enemy9" parent="Enemies" instance=ExtResource( 6 )]
position = Vector2( 2497, -581 )
AI_path = NodePath("../../AI friendo")

[node name="Enemy10" parent="Enemies" instance=ExtResource( 6 )]
position = Vector2( 2807, -341 )
AI_path = NodePath("../../AI friendo")

[node name="Enemy11" parent="Enemies" instance=ExtResource( 6 )]
position = Vector2( 3263, 1241 )
AI_path = NodePath("../../AI friendo")

[node name="Enemy12" parent="Enemies" instance=ExtResource( 6 )]
position = Vector2( 3378, 710 )
AI_path = NodePath("../../AI friendo")

[node name="Enemy13" parent="Enemies" instance=ExtResource( 6 )]
position = Vector2( 2458, 395 )
AI_path = NodePath("../../AI friendo")

[node name="Enemy14" parent="Enemies" instance=ExtResource( 6 )]
position = Vector2( 3071, 35 )
AI_path = NodePath("../../AI friendo")

[node name="Enemy15" parent="Enemies" instance=ExtResource( 6 )]
position = Vector2( 2650, 828 )
AI_path = NodePath("../../AI friendo")

[node name="Enemy16" parent="Enemies" instance=ExtResource( 6 )]
position = Vector2( 3524, 968 )
AI_path = NodePath("../../AI friendo")

[node name="Enemy17" parent="Enemies" instance=ExtResource( 6 )]
position = Vector2( 3619, 1424 )
AI_path = NodePath("../../AI friendo")

[node name="Enemy18" parent="Enemies" instance=ExtResource( 6 )]
position = Vector2( 3988, 1172 )
AI_path = NodePath("../../AI friendo")

[node name="Enemy19" parent="Enemies" instance=ExtResource( 6 )]
position = Vector2( 3978, 1570 )
AI_path = NodePath("../../AI friendo")

[node name="Enemy20" parent="Enemies" instance=ExtResource( 6 )]
position = Vector2( 3829, 1009 )
AI_path = NodePath("../../AI friendo")

[node name="Enemy21" parent="Enemies" instance=ExtResource( 6 )]
position = Vector2( 4295, 1167 )
AI_path = NodePath("../../AI friendo")

[node name="Enemy22" parent="Enemies" instance=ExtResource( 6 )]
position = Vector2( 4325, 1801 )
AI_path = NodePath("../../AI friendo")

[node name="Enemy23" parent="Enemies" instance=ExtResource( 6 )]
position = Vector2( 4702, 1331 )
AI_path = NodePath("../../AI friendo")

[node name="Enemy24" parent="Enemies" instance=ExtResource( 6 )]
position = Vector2( 3463, 813 )
AI_path = NodePath("../../AI friendo")

[node name="Enemy25" parent="Enemies" instance=ExtResource( 6 )]
position = Vector2( 3960, 1049 )
AI_path = NodePath("../../AI friendo")

[node name="LoseZone" type="Area2D" parent="." groups=["LoseZone"]]
position = Vector2( -118, 7 )
collision_layer = 64
collision_mask = 2

[node name="CollisionShape2D" type="CollisionShape2D" parent="LoseZone"]
position = Vector2( 2529.5, 2797 )
shape = SubResource( 2 )
